@book{ImpAdam,
    author = {Zhang, Z},
    title = {Improved adam optimizer for deep neural networks. In 2018 IEEE/ACM 26th international symposium on quality of service (IWQoS)},
    publisher = {Ieee},
    year = {2018, June},
    pages = {1--2}
}

@book{SGDR,
    author = {Loshchilov I. & Hutter F.},
    title = {Sgdr: Stochastic gradient descent with warm restarts},
    publisher = {arXiv preprint arXiv:1608.03983},
    year = {2016}
}

@unpublished{DataSet,
    author = {JOE YOUNG, AdamYoung},
    title = {Rain in Australia},
    note = {Predict next-day rain in Australia, Kaggle},
    year = {2019}
}

@unpublished{Tutorial,
    author = {PRASHANT BANERJEE},
    title = {Logistic Regression Classifier Tutorial},
    year = {2019},
    note = {Logistic Regression Classifier Tutorial with Python}
}